<record><leader>00000cas a22000007a 4500</leader><controlfield tag="001">16687591</controlfield><controlfield tag="008">870915d18781881iauwr ne      0    0eng d</controlfield><datafield ind1=" " ind2=" " tag="010"><subfield code="a">sn 87058507 </subfield></datafield><datafield ind1=" " ind2=" " tag="040"><subfield code="a">INP</subfield><subfield code="b">eng</subfield><subfield code="c">INP</subfield><subfield code="d">OCLCQ</subfield></datafield><datafield ind1=" " ind2=" " tag="042"><subfield code="a">msc</subfield></datafield><datafield ind1="0" ind2=" " tag="130"><subfield code="a">Crawford County observer (Vail, Iowa : 1878)</subfield></datafield><datafield ind1="1" ind2="0" tag="245"><subfield code="a">Crawford County observer.</subfield></datafield><datafield ind1=" " ind2=" " tag="260"><subfield code="a">Vail, Iowa :</subfield><subfield code="b">Geo. A.W. Davison</subfield></datafield><datafield ind1=" " ind2=" " tag="300"><subfield code="a">v.</subfield></datafield><datafield ind1=" " ind2=" " tag="310"><subfield code="a">Weekly</subfield></datafield><datafield ind1="1" ind2=" " tag="362"><subfield code="a">Began May 1, 1878; ceased in 1881?</subfield></datafield><datafield ind1=" " ind2=" " tag="500"><subfield code="a">Publisher varies.</subfield></datafield><datafield ind1=" " ind2=" " tag="588"><subfield code="a">Description based on: Vol. 2, no. 25 (Oct. 17, 1879).</subfield></datafield><datafield ind1=" " ind2=" " tag="752"><subfield code="a">United States</subfield><subfield code="b">Iowa</subfield><subfield code="c">Crawford</subfield><subfield code="d">Vail.</subfield></datafield><datafield ind1="0" ind2="0" tag="785"><subfield code="t">Vail observer (Vail, Iowa : 1882)</subfield></datafield></record>